<?xml version="1.0" encoding="UTF-8"?><collection xmlns="http://www.loc.gov/MARC21/slim"><record><leader>00481nam--2200133-i-4500</leader><controlfield tag="001">000010100</controlfield><controlfield tag="002">20161230</controlfield><controlfield tag="005">20161230201028</controlfield><controlfield tag="008">060222s1000------------r-----000-0-eng-d</controlfield><datafield ind1=" " ind2=" " tag="245"><subfield code="a">Concepts of communication: interpersonal, intr apersonal and mathematical</subfield></datafield><datafield ind1=" " ind2=" " tag="260"><subfield code="a">New York, John Wiley &amp; Sons Inc., 1971 Xiv + 446 P</subfield></datafield><datafield ind1=" " ind2=" " tag="490"><subfield code="a">University Of California Engineering And Physi Cal Sciences Extension Series</subfield></datafield><datafield ind1=" " ind2=" " tag="700"><subfield code="a">Beckenbach, Edwin F.And Tompkins, Charles B</subfield></datafield><datafield ind1=" " ind2=" " tag="852"><subfield code="a">36529</subfield></datafield></record></collection>